@book{sedra2014microelectronic,
  title={Microelectronic Circuits},
  author={Sedra, Adel S. and Smith, Kenneth C.},
  edition={7th},
  publisher={Oxford University Press},
  year={2014}
}
@book{sedra_smith,
  author    = {Adel S. Sedra and Kenneth C. Smith},
  title     = {Microelectronic Circuits},
  publisher = {Oxford University Press},
  year      = {2015},
  edition   = {7th},
  isbn      = {9780199339136}
} 

@book{sedra_smith,
  author    = {Adel S. Sedra and Kenneth C. Smith},
  title     = {Microelectronic Circuits},
  publisher = {Oxford University Press},
  year      = {2015},
  edition   = {7th},
  isbn      = {9780199339136}
}
@book{volterra_model,
  author    = {M. Schetzen},
  title     = {The Volterra and Wiener Theories of Nonlinear Systems},
  publisher = {John Wiley \& Sons},
  year      = {1980},
  isbn      = {9780471055545}
}

@book{sedra_smith,
  author    = {Adel S. Sedra and Kenneth C. Smith},
  title     = {Microelectronic Circuits},
  edition   = {7th},
  publisher = {Oxford University Press},
  year      = {2015},
  isbn      = {9780199339136}
}

@book{transistor_physics,
  author    = {Robert F. Pierret},
  title     = {Semiconductor Device Fundamentals},
  publisher = {Addison-Wesley},
  year      = {1996},
  isbn      = {9780201543933}
}

@book{boylestad2016electronic,
  title={Electronic Devices and Circuit Theory},
  author={Boylestad, Robert L. and Nashelsky, Louis},
  edition={11th},
  publisher={Pearson},
  year={2016}
}

@book{malvino2010electronic,
  title={Electronic Principles},
  author={Malvino, Albert and Bates, David},
  edition={7th},
  publisher={McGraw-Hill},
  year={2010}
}

@book{floyd2012electronic,
  title={Electronic Devices},
  author={Floyd, Thomas L.},
  edition={9th},
  publisher={Pearson},
  year={2012}
}

@book{millman2008electronic,
  title={Electronic Devices and Circuits},
  author={Millman, Jacob and Halkias, Christos C.},
  edition={2nd},
  publisher={McGraw-Hill},
  year={2008}
}
