@book{horenstein2000circuitos,
	title        = {Circuitos y dispositivos microelectrónicos},
	author       = {Horenstein, Mark N.},
	edition      = {2},
	year         = {2000},
	publisher    = {Prentice-Hall Hispanoamericana, S.A.},
	address      = {México},
	note         = {Traducción: Ing. Gabriel Sánchez García. Revisor Técnico: M. en C. Agustín Suárez Fernández}
}
