@book{PerezGarcia2006InstrumentacionElectronica,
	title     = {Instrumentación Electrónica},
	author    = {Miguel A. Pérez García and Juan C. Álvarez Antón and Juan C. Campo Rodríguez and Fco. Javier Ferrero Martín and Gustavo J. Grillo Ortega},
	year      = {2006},
	publisher = {Thomson},
	note      = {Incluye CD, 1ª Parte}
}
@manual{National1998LM741,
	title        = {LM741 Operational Amplifier},
	author       = {{National Semiconductor}},
	year         = {1998},
	month        = {May},
	note         = {Datasheet},
	url          = {https://www.ti.com/lit/ds/symlink/lm741.pdf}
}
@manual{TI_TL08x,
	author = {{Texas Instruments}},
	title = {TL080, TL081, TL082, TL084, TL081A, TL082A, TL084A, TL081B, TL082B, TL084B, TL082Y, TL084Y JFET-Input Operational Amplifiers},
	organization = {Texas Instruments},
	year = {1992},
	month = {February},
	note = {Revised November 1992, SLOS084A-D229},
	url = {https://www.ti.com/lit/ds/symlink/tl081.pdf}
}